[gd_scene load_steps=6 format=2]

[ext_resource path="res://scripts/Vision_conf.gd" type="Script" id=1]
[ext_resource path="res://scripts/Interface.gd" type="Script" id=2]
[ext_resource path="res://scenes/Console.tscn" type="PackedScene" id=3]
[ext_resource path="res://scenes/SpawnMenu.tscn" type="PackedScene" id=4]

[sub_resource type="Theme" id=1]

[node name="Interface" type="Control"]
anchor_right = 0.705
anchor_bottom = 0.667
margin_right = -1353.6
margin_bottom = -720.36
size_flags_horizontal = 0
size_flags_vertical = 0
script = ExtResource( 2 )

[node name="Frame" type="VBoxContainer" parent="."]
margin_right = 1920.0
margin_bottom = 1080.0

[node name="HeadBar" type="HBoxContainer" parent="Frame"]
margin_right = 1921.0
margin_bottom = 20.0
size_flags_vertical = 0
__meta__ = {
"_edit_use_anchors_": false
}

[node name="ModeBox" type="HBoxContainer" parent="Frame/HeadBar"]
margin_right = 137.0
margin_bottom = 20.0

[node name="ModeMenu" type="MenuButton" parent="Frame/HeadBar/ModeBox"]
margin_right = 12.0
margin_bottom = 20.0
focus_mode = 2
flat = false
__meta__ = {
"_edit_use_anchors_": false
}

[node name="LStatus" type="Label" parent="Frame/HeadBar/ModeBox"]
margin_left = 16.0
margin_top = 3.0
margin_right = 63.0
margin_bottom = 17.0
text = "Status: "

[node name="Status" type="Label" parent="Frame/HeadBar/ModeBox"]
margin_left = 67.0
margin_top = 3.0
margin_right = 137.0
margin_bottom = 17.0
rect_min_size = Vector2( 70, 0 )
align = 1

[node name="ConnectBox" type="HBoxContainer" parent="Frame/HeadBar"]
margin_left = 141.0
margin_right = 330.0
margin_bottom = 20.0
size_flags_horizontal = 0
size_flags_vertical = 0
__meta__ = {
"_edit_use_anchors_": false
}

[node name="Connect" type="Button" parent="Frame/HeadBar/ConnectBox"]
margin_right = 64.0
margin_bottom = 20.0
text = "Connect"

[node name="LControl" type="Label" parent="Frame/HeadBar/ConnectBox"]
margin_left = 68.0
margin_top = 3.0
margin_right = 118.0
margin_bottom = 17.0
text = "Control:"

[node name="CenterControl" type="CenterContainer" parent="Frame/HeadBar/ConnectBox"]
margin_left = 122.0
margin_right = 132.0
margin_bottom = 20.0

[node name="ControlLight" type="Panel" parent="Frame/HeadBar/ConnectBox/CenterControl"]
margin_top = 5.0
margin_right = 10.0
margin_bottom = 15.0
rect_min_size = Vector2( 10, 10 )

[node name="LVision" type="Label" parent="Frame/HeadBar/ConnectBox"]
margin_left = 136.0
margin_top = 3.0
margin_right = 175.0
margin_bottom = 17.0
text = "Vision"

[node name="CenterVision" type="CenterContainer" parent="Frame/HeadBar/ConnectBox"]
margin_left = 179.0
margin_right = 189.0
margin_bottom = 20.0

[node name="VisionLight" type="Panel" parent="Frame/HeadBar/ConnectBox/CenterVision"]
margin_top = 5.0
margin_right = 10.0
margin_bottom = 15.0
rect_min_size = Vector2( 10, 10 )

[node name="FaultBox" type="HBoxContainer" parent="Frame/HeadBar"]
margin_left = 334.0
margin_right = 1854.0
margin_bottom = 20.0
size_flags_horizontal = 3
size_flags_vertical = 0

[node name="Fault" type="Button" parent="Frame/HeadBar/FaultBox"]
margin_right = 1479.0
margin_bottom = 20.0
rect_min_size = Vector2( 100, 0 )
size_flags_horizontal = 3

[node name="FaultAck" type="Button" parent="Frame/HeadBar/FaultBox"]
margin_left = 1483.0
margin_right = 1520.0
margin_bottom = 20.0
text = "ACK"

[node name="SettingBox" type="HBoxContainer" parent="Frame/HeadBar"]
margin_left = 1858.0
margin_right = 1921.0
margin_bottom = 20.0
size_flags_horizontal = 0
size_flags_vertical = 0

[node name="Settings" type="Button" parent="Frame/HeadBar/SettingBox"]
margin_right = 63.0
margin_bottom = 20.0
text = "Settings"

[node name="Main" type="HBoxContainer" parent="Frame"]
margin_top = 24.0
margin_right = 1921.0
margin_bottom = 1080.0
size_flags_vertical = 3

[node name="ControlBox" type="VBoxContainer" parent="Frame/Main"]
margin_right = 146.0
margin_bottom = 1056.0
custom_constants/separation = 20

[node name="ManualBox" type="HBoxContainer" parent="Frame/Main/ControlBox"]
margin_right = 146.0
margin_bottom = 68.0

[node name="MoveBox" type="VBoxContainer" parent="Frame/Main/ControlBox/ManualBox"]
margin_right = 91.0
margin_bottom = 68.0

[node name="RefMenu" type="MenuButton" parent="Frame/Main/ControlBox/ManualBox/MoveBox"]
margin_right = 91.0
margin_bottom = 20.0
flat = false
__meta__ = {
"_edit_use_anchors_": false
}

[node name="Buttons" type="GridContainer" parent="Frame/Main/ControlBox/ManualBox/MoveBox"]
margin_top = 24.0
margin_right = 91.0
margin_bottom = 68.0
columns = 3

[node name="J1Up" type="Button" parent="Frame/Main/ControlBox/ManualBox/MoveBox/Buttons"]
margin_right = 28.0
margin_bottom = 20.0
text = "X+"

[node name="J2Up" type="Button" parent="Frame/Main/ControlBox/ManualBox/MoveBox/Buttons"]
margin_left = 32.0
margin_right = 59.0
margin_bottom = 20.0
text = "Y+"

[node name="J3Up" type="Button" parent="Frame/Main/ControlBox/ManualBox/MoveBox/Buttons"]
margin_left = 63.0
margin_right = 91.0
margin_bottom = 20.0
text = "Z+"

[node name="J1Down" type="Button" parent="Frame/Main/ControlBox/ManualBox/MoveBox/Buttons"]
margin_top = 24.0
margin_right = 28.0
margin_bottom = 44.0
text = "X-"

[node name="J2Down" type="Button" parent="Frame/Main/ControlBox/ManualBox/MoveBox/Buttons"]
margin_left = 32.0
margin_top = 24.0
margin_right = 59.0
margin_bottom = 44.0
text = "Y-"

[node name="J3Down" type="Button" parent="Frame/Main/ControlBox/ManualBox/MoveBox/Buttons"]
margin_left = 63.0
margin_top = 24.0
margin_right = 91.0
margin_bottom = 44.0
text = "Z-"

[node name="VelocityBox" type="VBoxContainer" parent="Frame/Main/ControlBox/ManualBox"]
margin_left = 95.0
margin_right = 145.0
margin_bottom = 68.0

[node name="Velocity" type="Button" parent="Frame/Main/ControlBox/ManualBox/VelocityBox"]
margin_right = 50.0
margin_bottom = 20.0
rect_min_size = Vector2( 50, 20 )
align = 2

[node name="VelUp" type="Button" parent="Frame/Main/ControlBox/ManualBox/VelocityBox"]
margin_top = 24.0
margin_right = 50.0
margin_bottom = 44.0
text = "Vel+"

[node name="VelDown" type="Button" parent="Frame/Main/ControlBox/ManualBox/VelocityBox"]
margin_top = 48.0
margin_right = 50.0
margin_bottom = 68.0
text = "Vel-"

[node name="PositionBox" type="GridContainer" parent="Frame/Main/ControlBox"]
margin_top = 88.0
margin_right = 146.0
margin_bottom = 138.0
columns = 4

[node name="LX" type="Label" parent="Frame/Main/ControlBox/PositionBox"]
margin_right = 16.0
margin_bottom = 14.0
text = "X: "

[node name="X" type="Label" parent="Frame/Main/ControlBox/PositionBox"]
margin_left = 20.0
margin_right = 69.0
margin_bottom = 14.0
size_flags_horizontal = 3

[node name="LJ1" type="Label" parent="Frame/Main/ControlBox/PositionBox"]
margin_left = 73.0
margin_right = 92.0
margin_bottom = 14.0
text = "J1:"

[node name="J1" type="Label" parent="Frame/Main/ControlBox/PositionBox"]
margin_left = 96.0
margin_right = 146.0
margin_bottom = 14.0
rect_min_size = Vector2( 50, 0 )
size_flags_horizontal = 3

[node name="LY" type="Label" parent="Frame/Main/ControlBox/PositionBox"]
margin_top = 18.0
margin_right = 16.0
margin_bottom = 32.0
text = "Y: "

[node name="Y" type="Label" parent="Frame/Main/ControlBox/PositionBox"]
margin_left = 20.0
margin_top = 18.0
margin_right = 69.0
margin_bottom = 32.0
size_flags_horizontal = 3
max_lines_visible = 0

[node name="LJ2" type="Label" parent="Frame/Main/ControlBox/PositionBox"]
margin_left = 73.0
margin_top = 18.0
margin_right = 92.0
margin_bottom = 32.0
text = "J2: "

[node name="J2" type="Label" parent="Frame/Main/ControlBox/PositionBox"]
margin_left = 96.0
margin_top = 18.0
margin_right = 146.0
margin_bottom = 32.0
rect_min_size = Vector2( 50, 0 )
size_flags_horizontal = 3

[node name="LZ" type="Label" parent="Frame/Main/ControlBox/PositionBox"]
margin_top = 36.0
margin_right = 16.0
margin_bottom = 50.0
text = "Z: "

[node name="Z" type="Label" parent="Frame/Main/ControlBox/PositionBox"]
margin_left = 20.0
margin_top = 36.0
margin_right = 69.0
margin_bottom = 50.0
size_flags_horizontal = 3

[node name="LJ3" type="Label" parent="Frame/Main/ControlBox/PositionBox"]
margin_left = 73.0
margin_top = 36.0
margin_right = 92.0
margin_bottom = 50.0
text = "J3: "

[node name="J3" type="Label" parent="Frame/Main/ControlBox/PositionBox"]
margin_left = 96.0
margin_top = 36.0
margin_right = 146.0
margin_bottom = 50.0
rect_min_size = Vector2( 50, 0 )
size_flags_horizontal = 3

[node name="AutoBox" type="HBoxContainer" parent="Frame/Main/ControlBox"]
margin_top = 158.0
margin_right = 146.0
margin_bottom = 178.0

[node name="Run" type="Button" parent="Frame/Main/ControlBox/AutoBox"]
margin_right = 36.0
margin_bottom = 20.0
text = "Run"

[node name="Stop" type="Button" parent="Frame/Main/ControlBox/AutoBox"]
margin_left = 40.0
margin_right = 146.0
margin_bottom = 20.0
size_flags_horizontal = 3
text = "STOP"

[node name="ProgramBox" type="HBoxContainer" parent="Frame/Main/ControlBox"]
margin_top = 198.0
margin_right = 146.0
margin_bottom = 222.0

[node name="Load" type="Button" parent="Frame/Main/ControlBox/ProgramBox"]
margin_right = 42.0
margin_bottom = 24.0
text = "Load"

[node name="ActProg" type="LineEdit" parent="Frame/Main/ControlBox/ProgramBox"]
margin_left = 46.0
margin_right = 146.0
margin_bottom = 24.0
size_flags_horizontal = 3
editable = false

[node name="TCPBox" type="VBoxContainer" parent="Frame/Main/ControlBox"]
margin_top = 242.0
margin_right = 146.0
margin_bottom = 310.0

[node name="SyncBox" type="HBoxContainer" parent="Frame/Main/ControlBox/TCPBox"]
margin_right = 146.0
margin_bottom = 20.0

[node name="Syncer" type="Button" parent="Frame/Main/ControlBox/TCPBox/SyncBox"]
margin_right = 65.0
margin_bottom = 20.0
rect_min_size = Vector2( 65, 0 )
hint_tooltip = "Press to start syncing with robot"
toggle_mode = true
text = "Sync off"

[node name="SyncLight" type="Panel" parent="Frame/Main/ControlBox/TCPBox/SyncBox"]
margin_left = 69.0
margin_right = 146.0
margin_bottom = 20.0
rect_min_size = Vector2( 77, 20 )

[node name="Recieving button" type="Button" parent="Frame/Main/ControlBox/TCPBox"]
margin_top = 24.0
margin_right = 146.0
margin_bottom = 44.0
rect_min_size = Vector2( 146, 20 )
text = "Start recieving"

[node name="Position button" type="Button" parent="Frame/Main/ControlBox/TCPBox"]
margin_top = 48.0
margin_right = 146.0
margin_bottom = 68.0
rect_min_size = Vector2( 146, 20 )
text = "GET POS"

[node name="SimulationBox" type="VBoxContainer" parent="Frame/Main/ControlBox"]
margin_top = 330.0
margin_right = 146.0
margin_bottom = 542.0

[node name="HBoxContainer" type="HBoxContainer" parent="Frame/Main/ControlBox/SimulationBox"]
margin_right = 146.0
margin_bottom = 20.0

[node name="exec_command_1" type="Button" parent="Frame/Main/ControlBox/SimulationBox/HBoxContainer"]
margin_right = 84.0
margin_bottom = 20.0
rect_min_size = Vector2( 84, 20 )
text = "command1"

[node name="save_button_1" type="Button" parent="Frame/Main/ControlBox/SimulationBox/HBoxContainer"]
margin_left = 88.0
margin_right = 146.0
margin_bottom = 20.0
rect_min_size = Vector2( 58, 20 )
text = "actpos"

[node name="SimCommand1" type="TextEdit" parent="Frame/Main/ControlBox/SimulationBox"]
self_modulate = Color( 1, 0.913725, 0.913725, 1 )
light_mask = 3
margin_top = 24.0
margin_right = 146.0
margin_bottom = 60.0
rect_min_size = Vector2( 145, 36 )
size_flags_horizontal = 9
size_flags_stretch_ratio = 0.0
text = "+2500+1000-4500"

[node name="HBoxContainer2" type="HBoxContainer" parent="Frame/Main/ControlBox/SimulationBox"]
margin_top = 64.0
margin_right = 146.0
margin_bottom = 84.0

[node name="exec_command_2" type="Button" parent="Frame/Main/ControlBox/SimulationBox/HBoxContainer2"]
margin_right = 84.0
margin_bottom = 20.0
rect_min_size = Vector2( 84, 20 )
text = "com2/aux"

[node name="save_button_2" type="Button" parent="Frame/Main/ControlBox/SimulationBox/HBoxContainer2"]
margin_left = 88.0
margin_right = 146.0
margin_bottom = 20.0
rect_min_size = Vector2( 58, 20 )
text = "actpos"

[node name="SimCommand2" type="TextEdit" parent="Frame/Main/ControlBox/SimulationBox"]
margin_top = 88.0
margin_right = 146.0
margin_bottom = 124.0
rect_min_size = Vector2( 146, 36 )
text = "+1000-2500-4500"

[node name="HBoxContainer3" type="HBoxContainer" parent="Frame/Main/ControlBox/SimulationBox"]
margin_top = 128.0
margin_right = 146.0
margin_bottom = 148.0

[node name="exec_command_3" type="Button" parent="Frame/Main/ControlBox/SimulationBox/HBoxContainer3"]
margin_right = 84.0
margin_bottom = 20.0
rect_min_size = Vector2( 84, 20 )
text = "com3/end"

[node name="save_button_3" type="Button" parent="Frame/Main/ControlBox/SimulationBox/HBoxContainer3"]
margin_left = 88.0
margin_right = 146.0
margin_bottom = 20.0
rect_min_size = Vector2( 58, 20 )
text = "actpos"

[node name="SimCommand3" type="TextEdit" parent="Frame/Main/ControlBox/SimulationBox"]
margin_top = 152.0
margin_right = 146.0
margin_bottom = 188.0
rect_min_size = Vector2( 146, 36 )
text = "-2500+1000-4500"

[node name="Circ" type="Button" parent="Frame/Main/ControlBox/SimulationBox"]
margin_top = 192.0
margin_right = 146.0
margin_bottom = 212.0
rect_min_size = Vector2( 146, 20 )
text = "Circ trace(aux->end)"

[node name="UF_Frame_Tests" type="VBoxContainer" parent="Frame/Main/ControlBox"]
margin_top = 562.0
margin_right = 146.0
margin_bottom = 630.0

[node name="UF_Frame_Pos" type="HBoxContainer" parent="Frame/Main/ControlBox/UF_Frame_Tests"]
margin_right = 146.0
margin_bottom = 20.0

[node name="Pos_X" type="TextEdit" parent="Frame/Main/ControlBox/UF_Frame_Tests/UF_Frame_Pos"]
margin_right = 46.0
margin_bottom = 20.0
rect_min_size = Vector2( 46, 20 )

[node name="Pos_Y" type="TextEdit" parent="Frame/Main/ControlBox/UF_Frame_Tests/UF_Frame_Pos"]
margin_left = 50.0
margin_right = 96.0
margin_bottom = 20.0
rect_min_size = Vector2( 46, 20 )

[node name="Pos_Z" type="TextEdit" parent="Frame/Main/ControlBox/UF_Frame_Tests/UF_Frame_Pos"]
margin_left = 100.0
margin_right = 146.0
margin_bottom = 20.0
rect_min_size = Vector2( 46, 20 )

[node name="UF_Frame_Rot" type="HBoxContainer" parent="Frame/Main/ControlBox/UF_Frame_Tests"]
margin_top = 24.0
margin_right = 146.0
margin_bottom = 44.0

[node name="Rot_X" type="TextEdit" parent="Frame/Main/ControlBox/UF_Frame_Tests/UF_Frame_Rot"]
margin_right = 46.0
margin_bottom = 20.0
rect_min_size = Vector2( 46, 20 )

[node name="Rot_Y" type="TextEdit" parent="Frame/Main/ControlBox/UF_Frame_Tests/UF_Frame_Rot"]
margin_left = 50.0
margin_right = 96.0
margin_bottom = 20.0
rect_min_size = Vector2( 46, 20 )

[node name="Rot_Z" type="TextEdit" parent="Frame/Main/ControlBox/UF_Frame_Tests/UF_Frame_Rot"]
margin_left = 100.0
margin_right = 146.0
margin_bottom = 20.0
rect_min_size = Vector2( 46, 20 )

[node name="Robot_UF_Pos" type="GridContainer" parent="Frame/Main/ControlBox/UF_Frame_Tests"]
margin_top = 48.0
margin_right = 146.0
margin_bottom = 68.0
columns = 3

[node name="UF_X" type="Label" parent="Frame/Main/ControlBox/UF_Frame_Tests/Robot_UF_Pos"]
margin_right = 46.0
margin_bottom = 20.0
rect_min_size = Vector2( 46, 20 )

[node name="UF_Y" type="Label" parent="Frame/Main/ControlBox/UF_Frame_Tests/Robot_UF_Pos"]
margin_left = 50.0
margin_right = 90.0
margin_bottom = 20.0
rect_min_size = Vector2( 40, 20 )

[node name="UF_Z" type="Label" parent="Frame/Main/ControlBox/UF_Frame_Tests/Robot_UF_Pos"]
margin_left = 94.0
margin_right = 134.0
margin_bottom = 20.0
rect_min_size = Vector2( 40, 20 )

[node name="ViewBox" type="VBoxContainer" parent="Frame/Main"]
margin_left = 150.0
margin_right = 1921.0
margin_bottom = 1056.0
size_flags_horizontal = 3

[node name="ViewSwitchBox" type="HBoxContainer" parent="Frame/Main/ViewBox"]
margin_right = 1771.0
margin_bottom = 20.0

[node name="Prev" type="Button" parent="Frame/Main/ViewBox/ViewSwitchBox"]
margin_right = 30.0
margin_bottom = 20.0
text = "<--"

[node name="Name" type="Label" parent="Frame/Main/ViewBox/ViewSwitchBox"]
margin_left = 34.0
margin_top = 3.0
margin_right = 1737.0
margin_bottom = 17.0
size_flags_horizontal = 3
align = 1

[node name="Next" type="Button" parent="Frame/Main/ViewBox/ViewSwitchBox"]
margin_left = 1741.0
margin_right = 1771.0
margin_bottom = 20.0
text = "-->"

[node name="View" type="ViewportContainer" parent="Frame/Main/ViewBox"]
margin_top = 24.0
margin_right = 1771.0
margin_bottom = 1056.0
size_flags_horizontal = 3
size_flags_vertical = 3

[node name="PositionCode" type="Label" parent="Frame/Main/ViewBox/View"]
modulate = Color( 0.0235294, 0.00784314, 0.00784314, 1 )
margin_left = 50.0
margin_top = 50.0
margin_right = 150.0
margin_bottom = 64.0
uppercase = true

[node name="ActPositionCode" type="Label" parent="Frame/Main/ViewBox/View"]
self_modulate = Color( 0, 0, 0, 1 )
margin_left = 50.0
margin_top = 64.0
margin_right = 150.0
margin_bottom = 78.0
text = "Whatever"

[node name="Viewport" type="Viewport" parent="Frame/Main/ViewBox/View"]
size = Vector2( 1771, 1032 )
size_override_stretch = true
handle_input_locally = false
msaa = 3
render_target_update_mode = 3
physics_object_picking = true
script = ExtResource( 1 )

[node name="CameraSwitch" type="Label" parent="Frame/Main/ViewBox/View"]
modulate = Color( 0, 0, 0, 1 )
anchor_top = 0.96
anchor_right = 0.054
anchor_bottom = 0.96
margin_right = 40.0
margin_bottom = 14.0
text = "Press G to switch camera mode"

[node name="FootBox" type="HBoxContainer" parent="Frame"]
margin_top = 1084.0
margin_right = 1921.0
margin_bottom = 1108.0

[node name="StatusBar" type="LineEdit" parent="Frame/FootBox"]
margin_right = 1921.0
margin_bottom = 24.0
size_flags_horizontal = 3
editable = false

[node name="Refresh" type="Timer" parent="."]
autostart = true

[node name="ActPos refresh" type="Timer" parent="."]
autostart = true

[node name="Exec trace" type="Timer" parent="."]
wait_time = 0.002
autostart = true

[node name="FileDialog" type="FileDialog" parent="."]
margin_right = 329.0
margin_bottom = 130.0
popup_exclusive = true
window_title = "Open a File"
mode = 0
__meta__ = {
"_edit_use_anchors_": false
}

[node name="WindowSettings" type="WindowDialog" parent="."]
margin_left = 300.0
margin_top = 200.0
margin_right = 1300.0
margin_bottom = 1000.0
popup_exclusive = true
window_title = "Settings"
__meta__ = {
"_edit_use_anchors_": false
}

[node name="Container" type="VBoxContainer" parent="WindowSettings"]
margin_right = 1000.0
margin_bottom = 800.0
size_flags_horizontal = 3
size_flags_vertical = 3

[node name="ScrollBox" type="ScrollContainer" parent="WindowSettings/Container"]
margin_right = 1000.0
margin_bottom = 776.0
size_flags_vertical = 3
scroll_horizontal_enabled = false
__meta__ = {
"_edit_use_anchors_": false
}

[node name="SettingsBox" type="VBoxContainer" parent="WindowSettings/Container/ScrollBox"]
margin_right = 1000.0
margin_bottom = 776.0
size_flags_horizontal = 3
size_flags_vertical = 3
theme = SubResource( 1 )

[node name="Foot" type="HBoxContainer" parent="WindowSettings/Container"]
margin_top = 780.0
margin_right = 1000.0
margin_bottom = 800.0
alignment = 1

[node name="Button" type="Button" parent="WindowSettings/Container/Foot"]
margin_left = 476.0
margin_right = 523.0
margin_bottom = 20.0
text = "Close"

[node name="Console_Window" type="WindowDialog" parent="."]
margin_left = 1400.0
margin_top = 115.0
margin_right = 1900.0
margin_bottom = 719.0

[node name="Console" parent="Console_Window" instance=ExtResource( 3 )]
margin_left = 0.0
margin_top = 0.0
margin_right = 500.0
margin_bottom = 600.0

[node name="SpawnMenu" parent="." instance=ExtResource( 4 )]

[connection signal="pressed" from="Frame/HeadBar/ConnectBox/Connect" to="." method="_on_Connect_pressed"]
[connection signal="pressed" from="Frame/HeadBar/FaultBox/FaultAck" to="." method="_on_FaultAck_pressed"]
[connection signal="pressed" from="Frame/HeadBar/SettingBox/Settings" to="." method="_on_Settings_pressed"]
[connection signal="button_down" from="Frame/Main/ControlBox/ManualBox/MoveBox/Buttons/J1Up" to="." method="_on_J1Up_button_down"]
[connection signal="button_up" from="Frame/Main/ControlBox/ManualBox/MoveBox/Buttons/J1Up" to="." method="_on_J1Up_button_up"]
[connection signal="button_down" from="Frame/Main/ControlBox/ManualBox/MoveBox/Buttons/J2Up" to="." method="_on_J2Up_button_down"]
[connection signal="button_up" from="Frame/Main/ControlBox/ManualBox/MoveBox/Buttons/J2Up" to="." method="_on_J2Up_button_up"]
[connection signal="button_down" from="Frame/Main/ControlBox/ManualBox/MoveBox/Buttons/J3Up" to="." method="_on_J3Up_button_down"]
[connection signal="button_up" from="Frame/Main/ControlBox/ManualBox/MoveBox/Buttons/J3Up" to="." method="_on_J3Up_button_up"]
[connection signal="button_down" from="Frame/Main/ControlBox/ManualBox/MoveBox/Buttons/J1Down" to="." method="_on_J1Down_button_down"]
[connection signal="button_up" from="Frame/Main/ControlBox/ManualBox/MoveBox/Buttons/J1Down" to="." method="_on_J1Down_button_up"]
[connection signal="button_down" from="Frame/Main/ControlBox/ManualBox/MoveBox/Buttons/J2Down" to="." method="_on_J2Down_button_down"]
[connection signal="button_up" from="Frame/Main/ControlBox/ManualBox/MoveBox/Buttons/J2Down" to="." method="_on_J2Down_button_up"]
[connection signal="button_down" from="Frame/Main/ControlBox/ManualBox/MoveBox/Buttons/J3Down" to="." method="_on_J3Down_button_down"]
[connection signal="button_up" from="Frame/Main/ControlBox/ManualBox/MoveBox/Buttons/J3Down" to="." method="_on_J3Down_button_up"]
[connection signal="pressed" from="Frame/Main/ControlBox/ManualBox/VelocityBox/VelUp" to="." method="_on_VelUp_pressed"]
[connection signal="pressed" from="Frame/Main/ControlBox/ManualBox/VelocityBox/VelDown" to="." method="_on_VelDown_pressed"]
[connection signal="pressed" from="Frame/Main/ControlBox/AutoBox/Run" to="." method="_on_Run_pressed"]
[connection signal="pressed" from="Frame/Main/ControlBox/AutoBox/Stop" to="." method="_on_Stop_pressed"]
[connection signal="pressed" from="Frame/Main/ControlBox/ProgramBox/Load" to="." method="_on_Load_pressed"]
[connection signal="pressed" from="Frame/Main/ControlBox/TCPBox/Recieving button" to="." method="_on_Recieving_Button_pressed"]
[connection signal="pressed" from="Frame/Main/ControlBox/TCPBox/Position button" to="." method="_on_Position_button_pressed"]
[connection signal="pressed" from="Frame/Main/ControlBox/SimulationBox/HBoxContainer/exec_command_1" to="." method="_on_exec_command_1_pressed"]
[connection signal="pressed" from="Frame/Main/ControlBox/SimulationBox/HBoxContainer/save_button_1" to="." method="_on_save_button_1_pressed"]
[connection signal="pressed" from="Frame/Main/ControlBox/SimulationBox/HBoxContainer2/exec_command_2" to="." method="_on_exec_command_2_pressed"]
[connection signal="pressed" from="Frame/Main/ControlBox/SimulationBox/HBoxContainer2/save_button_2" to="." method="_on_save_button_2_pressed"]
[connection signal="pressed" from="Frame/Main/ControlBox/SimulationBox/HBoxContainer3/exec_command_3" to="." method="_on_exec_command_3_pressed"]
[connection signal="pressed" from="Frame/Main/ControlBox/SimulationBox/HBoxContainer3/save_button_3" to="." method="_on_save_button_3_pressed"]
[connection signal="pressed" from="Frame/Main/ControlBox/SimulationBox/Circ" to="." method="_on_Circ_pressed"]
[connection signal="text_changed" from="Frame/Main/ControlBox/UF_Frame_Tests/UF_Frame_Pos/Pos_X" to="." method="_on_Pos_X_text_changed"]
[connection signal="text_changed" from="Frame/Main/ControlBox/UF_Frame_Tests/UF_Frame_Pos/Pos_Y" to="." method="_on_Pos_Y_text_changed"]
[connection signal="text_changed" from="Frame/Main/ControlBox/UF_Frame_Tests/UF_Frame_Pos/Pos_Z" to="." method="_on_Pos_Z_text_changed"]
[connection signal="text_changed" from="Frame/Main/ControlBox/UF_Frame_Tests/UF_Frame_Rot/Rot_X" to="." method="_on_Rot_X_text_changed"]
[connection signal="text_changed" from="Frame/Main/ControlBox/UF_Frame_Tests/UF_Frame_Rot/Rot_Y" to="." method="_on_Rot_Y_text_changed"]
[connection signal="text_changed" from="Frame/Main/ControlBox/UF_Frame_Tests/UF_Frame_Rot/Rot_Z" to="." method="_on_Rot_Z_text_changed"]
[connection signal="pressed" from="Frame/Main/ViewBox/ViewSwitchBox/Prev" to="." method="_on_Prev_pressed"]
[connection signal="pressed" from="Frame/Main/ViewBox/ViewSwitchBox/Next" to="." method="_on_Next_pressed"]
[connection signal="timeout" from="Refresh" to="." method="_on_Refresh_timeout"]
[connection signal="timeout" from="ActPos refresh" to="." method="_on_ActPos_refresh_timeout"]
[connection signal="timeout" from="Exec trace" to="." method="_on_Exec_trace_timeout"]
[connection signal="confirmed" from="FileDialog" to="." method="_on_FileDialog_confirmed"]
